<collection xmlns="http://www.loc.gov/MARC21/slim"><record><leader>00533nam0 2200169   450</leader><controlfield tag="001">595</controlfield><controlfield tag="003">http://montalegre.opacnet.com/OPAC/default.aspx?ContentAreaControl=ShowRegHoldings.ascx&amp;RegNo=16662</controlfield><datafield tag="100" ind1=" " ind2=" "><subfield code="a">20061013d--------k  y0pory0103    ba</subfield></datafield><datafield tag="101" ind1="0" ind2=" "><subfield code="a">por</subfield></datafield><datafield tag="102" ind1=" " ind2=" "><subfield code="a">PT</subfield></datafield><datafield tag="200" ind1="1" ind2=" "><subfield code="a">Limiar</subfield><subfield code="f">José Dias Baptista</subfield></datafield><datafield tag="210" ind1=" " ind2=" "><subfield code="a">Matosinhos</subfield><subfield code="c">Gráfica S. Martinho</subfield></datafield><datafield tag="215" ind1=" " ind2=" "><subfield code="a">41p.</subfield><subfield code="d">21cm</subfield></datafield><datafield tag="675" ind1=" " ind2=" "><subfield code="a">008(469.202)</subfield></datafield><datafield tag="700" ind1=" " ind2="1"><subfield code="a">Baptista</subfield><subfield code="b">José Dias</subfield><subfield code="f">1941-</subfield></datafield><datafield tag="801" ind1=" " ind2="0"><subfield code="a">PT</subfield><subfield code="b">Biblioteca Municipal de Montalegre</subfield><subfield code="g">RPC</subfield></datafield><datafield tag="856" ind1=" " ind2=" "><subfield code="u">locateMedia.asp?cod=20060519111333&amp;ext=jpg</subfield><subfield code="z">CAPA</subfield></datafield><datafield tag="909" ind1="&#9;" ind2=" "><subfield code="a">1</subfield></datafield><datafield tag="966" ind1=" " ind2=" "><subfield code="a">0014843</subfield><subfield code="l">BMM</subfield><subfield code="s">SCG 008(469.202) BAP lim</subfield></datafield></record></collection>